1111211122122212221221222222211222122212221222222221221222122212
2221222221221222122212222222222222222232223222212222221223222323
2323222222222222212221222122222222222222223222322222222222222232
2222223222333232222232323232322222222211222122212221112222221222
2323222323222222222222323232323232212222221212221222122211222222
2222222323232322233323222323232323232223232322222222232223222222
2221221222122212222222222222223232323232212222221223222323232322
2222222222212221222122222222222222322222323222233332223232323232
3223333233222232223232322222222221222122212221212222221222232322
2323222222222222323232323232212222221212221222122212222222222223
2322232322223223222223232223232233333332222323222323222222222222
1222122212222222222222222232223232212222221223222323232322222222
2222212221222122222222222222323232323222223332223232323232322333
3233222232323222322222222211222122212221212222221222232323232322
2222222222323232323232212222221212221222122212222222222223232323
2322233333222323232323222233333332222323232322222222222122122212
2212222222222222223232323232212222221223232323232322222222222221
2221222122222222222222323232323222223333223232323232322333333322
2232323232322222222221222122212221212222221222232323232322222222
2222323232323232212222221212221222122211222222222223232323232223
3333222323232323232233333322222323232323222222222222122212221222
2222222222223232323232212222221223222323232322222222222221222122
2122222222222222323222323222223332223232323232322333333322223232
3232322222222221222122212221212222221222232322232322222222222232
3232323232212222221212221222122212222222222223232323232223333332
2323232323232233333332222323232323222222222222122212221222222222
2222223232323232212222221223232323232322222222222221222122212222
2222222222323232323222223333223232323232322333333322223232323232
2222222211222122212221212222221222232323232322222222222232323232
3232212222221212221222122212222222222223232323232223333322232323
2323232233333332222323232323222222222122122212221222222222222222
3232323232212222221223232323232322222222222221222122212222222222
2222323232323222223332223232323232322333333322223232323232222222
2211222122212221112222221222232323232322222222222232323232323221
2222221212221222122212222222222223232323232223333332232323232323
2233333332222323232323222222222122122212221222222222222222323232
3232212222221223232323232322222222222221222122212222222222222232
3222323222223333223232323232322333233322223232323232222222221122
2122212221212222221222232322232322222222222232323232323221222222
1212221222122212222222222223232323232223333332232323232323223333
3332232323232323222222222122122212221222222222222222323232323221
2222221223232323232322222222222221222122212222222222222232323232
3222233332223232323232322333333322223232323232222222222122212221
2221212222221222232323232322222222222232323232323221222222121222
1222122212222222222223232323232223233322232323232323223333333222
2323232323222222222222122212221222222222222222323232323221222222
1223222323232322222222222221222122212222222222222232323232322233
3333223232323232322333333322323232323232222222221122212221222121
2222221222232323232322222222222232323232323221222222121222122212
2212222222222223232323232223333332232323232323223333333222232323
2323222222222122122212221222222222222222323232323221222222122322
2323232322222222222221222122212222222222222232323232322233333322
3232323232322333333322323232323232222222221122212221222121222222
1222232323232322222222222232323232323221222222121222122212221222
2222222223232223232223333322232323232323223333333222232323232322
2222222122122212221222222222222222323222323221222222122322232323
2322222222222221222122212222222222222232323232322233333322323232
3232322333333322323232323232222222221122212221222121222222122223
2323232322222222222232323232323221222222121222122212221222222222
2223232323232223333332232323232323223333333223232323232322222222
2122122212221222222222222222323232323221222222122323232323232222
2222222221222122212222222222222232323232322233333322323232323232
2333333322323232323232222222221122212221222121222222122223232323
2322222222222232323232323221222222121222122212221222222222222323
2323232223333332232323232323223333333222232323232322222222212212
2212221222222222222222223232323221222222122322232323232222222222
2221222122212222222222222232323232322223333322323232323232233333
3322223232323232222222222122212221222121222222122223232323232222
2222222232323232323221222222121222122212221222222222222323232323
2223333332232323232323223333333223232323232322222222222212221222
1222222222222222323232323221222222122323232323232222222222222122
2122212222222222222232323232322233333322323232323232233333332232
3232323232222222221122212221222121222222122223232323232222222222
2232323232323221222222121222122212221222222222222323232323222333
3332232323232323223333333223232323232322222222212212221222122222
2222222222323232323221222222122323232323232222222222222122212221
2222222222222232323232322223333322323232323232233333332232323232
3232222222222122212221222121222222122223232323232222222222223232
3232323221222222121222122212221222222222222323232323222333333223
2323232323223333333223232323232322222222222212221222122222222222
2222323232323221222222122323232323232222222222222122212221222222
2222222232323232322233333322323232323232233333332232323232323222
2222221122212221222121222222122223232323232222222222223232323232
3221222222121222122212221222222222222323232323222333333223232323
2323223333333223232323232322222222212212221222122222222222222232
3232323221222222122323232323232222222222222122212221222222222222
2232322232322233333322323232323232233333332232323232323222222222
1122212221222121222222122223232323232222222222223232323232322122
2222121222122212221222222222232323232323223333333223232323232322
3333333223232323232322222222212212221222122222222222222232323232
3221222222122323232323232222222222222122212221222222222222323232
3232322333333322323232323232233333332232323232323222222222212221
2221222121222222122223232323232222222222223232323232322122222212
1222122212221222222222232323232323223333333223232323232322333333
3223232323232322222222222212221222122222222222222232323232322122
2222122322232323232222222222222122212221222222222222323232323232
2333333322323232323232233333332232323232323222222222112221222122
2121222222122223232323232222222222223232323232322122222212122212
2212221222222222232323232323223333333223232323232322333333322323
2323232322222222212212221222122222222222222232323232322122222212
2322232323232222222222222122212221222222222222323232323232233333
3322323232323232233333332232323232323222222222112221222122212122
2222122223232323232222222222223232323232322122222212122212221222
1222222222232323232323223333333223232323232322333333322323232323
2322222222212212221222122222222222223232323232322122222212232323
2323232222222222222122212221222222222222323232323232233333332232
3232323232233333332232323232323222222222112221222122212122222212
2223232323232222222222223232323232322122222212122212221222122222
2222232323232323223333333223232323232322333333322323232323232222
2222212212221222122222222222222232323232322122222212232323232323
2222222222222122212221222222222222323232323232233333332232323232
3232233333332232323232323222222222112221222122212122222212222323
2323232222222222223232323232322122222212122212221222122222222223
2323232323223333333223232323232322333333322323232323232222222221
2212221222122222222222222232323232322122222212232323232323222222
2222222122212221222222222222212221222122222222222122212221222122
2222222221222122212222222222111111111111111111111111111111111111
1111111111111111111111111111111111111111111111111111111111111111