11112111221222122212212222222112221222122212222222212212221222122221222221221222122212222222222222222232223222212222221223222323
23232222222222222122212221222222222222222232223222222222222222322222223222333232222232323232322222222211222122212221112222221222
23232223232222222222223232323232322122222212122212221222112222222222222323232322233323222323232323232223232322222222232223222222
22212212221222122222222222222232323232322122222212232223232323222222222222212221222122222222222222322222323222233332223232323232
32233332332222322232323222222222212221222122212122222212222323222323222222222222323232323232212222221212221222122212222222222223
23222323222232232222232322232322333333322223232223232222222222221222122212222222222222222232223232212222221223222323232322222222
22222122212221222222222222223232323232222233322232323232323223333233222232323222322222222211222122212221212222221222232323232322
22222222223232323232322122222212122212221222122222222222232323232322233333222323232323222233333332222323232322222222222122122212
22122222222222222232323232322122222212232323232323222222222222212221222122222222222222323232323222223333223232323232322333333322
22323232323222222222212221222122212122222212222323232323222222222222323232323232212222221212221222122211222222222223232323232223
33332223232323232322333333222223232323232222222222221222122212222222222222223232323232212222221223222323232322222222222221222122
21222222222222223232223232222233322232323232323223333333222232323232322222222221222122212221212222221222232322232322222222222232
32323232322122222212122212221222122222222222232323232322233333322323232323232233333332222323232323222222222222122212221222222222
22222232323232322122222212232323232323222222222222212221222122222222222222323232323222223333223232323232322333333322223232323232
22222222112221222122212122222212222323232323222222222222323232323232212222221212221222122212222222222223232323232223333322232323
23232322333333322223232323232222222221221222122212222222222222223232323232212222221223232323232322222222222221222122212222222222
22223232323232222233322232323232323223333333222232323232322222222211222122212221112222221222232323232322222222222232323232323221
22222212122212221222122222222222232323232322233333322323232323232233333332222323232323222222222122122212221222222222222222323232
32322122222212232323232323222222222222212221222122222222222222323222323222223333223232323232322333233322223232323232222222221122
21222122212122222212222323222323222222222222323232323232212222221212221222122212222222222223232323232223333332232323232323223333
33322323232323232222222221221222122212222222222222223232323232212222221223232323232322222222222221222122212222222222222232323232
32222333322232323232323223333333222232323232322222222221222122212221212222221222232323232322222222222232323232323221222222121222
12221222122222222222232323232322232333222323232323232233333332222323232323222222222222122212221222222222222222323232323221222222
12232223232323222222222222212221222122222222222222323232323222333333223232323232322333333322323232323232222222221122212221222121
22222212222323232323222222222222323232323232212222221212221222122212222222222223232323232223333332232323232323223333333222232323
23232222222221221222122212222222222222223232323232212222221223222323232322222222222221222122212222222222222232323232322233333322
32323232323223333333223232323232322222222211222122212221212222221222232323232322222222222232323232323221222222121222122212221222
22222222232322232322233333222323232323232233333332222323232323222222222122122212221222222222222222323222323221222222122322232323
23222222222222212221222122222222222222323232323222333333223232323232322333333322323232323232222222221122212221222121222222122223
23232323222222222222323232323232212222221212221222122212222222222223232323232223333332232323232323223333333223232323232322222222
21221222122212222222222222223232323232212222221223232323232322222222222221222122212222222222222232323232322233333322323232323232
23333333223232323232322222222211222122212221212222221222232323232322222222222232323232323221222222121222122212221222222222222323
23232322233333322323232323232233333332222323232323222222222122122212221222222222222222223232323221222222122322232323232222222222
22212221222122222222222222323232323222233333223232323232322333333322223232323232222222222122212221222121222222122223232323232222
22222222323232323232212222221212221222122212222222222223232323232223333332232323232323223333333223232323232322222222222212221222
12222222222222223232323232212222221223232323232322222222222221222122212222222222222232323232322233333322323232323232233333332232
32323232322222222211222122212221212222221222232323232322222222222232323232323221222222121222122212221222222222222323232323222333
33322323232323232233333332232323232323222222222122122212221222222222222222323232323221222222122323232323232222222222222122212221
22222222222222323232323222233333223232323232322333333322323232323232222222222122212221222121222222122223232323232222222222223232
32323232212222221212221222122212222222222223232323232223333332232323232323223333333223232323232322222222222212221222122222222222
22223232323232212222221223232323232322222222222221222122212222222222222232323232322233333322323232323232233333332232323232323222
22222211222122212221212222221222232323232322222222222232323232323221222222121222122212221222222222222323232323222333333223232323
23232233333332232323232323222222222122122212221222222222222222323232323221222222122323232323232222222222222122212221222222222222
22323222323222333333223232323232322333333322323232323232222222221122212221222121222222122223232323232222222222223232323232322122
22221212221222122212222222222323232323232233333332232323232323223333333223232323232322222222212212221222122222222222222232323232
32212222221223232323232322222222222221222122212222222222223232323232322333333322323232323232233333332232323232323222222222212221
22212221212222221222232323232322222222222232323232323221222222121222122212221222222222232323232323223333333223232323232322333333
32232323232323222222222222122212221222222222222222323232323221222222122322232323232222222222222122212221222222222222323232323232
23333333223232323232322333333322323232323232222222221122212221222121222222122223232323232222222222223232323232322122222212122212
22122212222222222323232323232233333332232323232323223333333223232323232322222222212212221222122222222222222232323232322122222212
23222323232322222222222221222122212222222222223232323232322333333322323232323232233333332232323232323222222222112221222122212122
22221222232323232322222222222232323232323221222222121222122212221222222222232323232323223333333223232323232322333333322323232323
23222222222122122212221222222222222232323232323221222222122323232323232222222222222122212221222222222222323232323232233333332232
32323232322333333322323232323232222222221122212221222121222222122223232323232222222222223232323232322122222212122212221222122222
22222323232323232233333332232323232323223333333223232323232322222222212212221222122222222222222232323232322122222212232323232323
22222222222221222122212222222222223232323232322333333322323232323232233333332232323232323222222222112221222122212122222212222323
23232322222222222232323232323221222222121222122212221222222222232323232323223333333223232323232322333333322323232323232222222221
22122212221222222222222222323232323221222222122323232323232222222222222122212221222222222222212221222122222222222122212221222122
22222222212221222122222222221111111111111111111111111111111111111111111111111111111111111111111111111111111111111111111111111111
11111111111111111111111111111111111111111111111111111111111111111111111111111111111111111111111111111111111111111111111111111111